@inproceedings{wang2023hidden,
 author = {Wang, Binxu and Vastola, John J},
 booktitle = {NeurIPS 2023 Workshop on Diffusion Models (arXiv:2311.10892)},
 title = {The hidden linear structure in score-based models and its application},
 year = {2023}
}
