@article{wang2025analytical,
 author = {Wang, Binxu},
 journal = {arXiv preprint arXiv:2503.03206},
 title = {An analytical theory of power law spectral bias in the learning dynamics of diffusion models},
 year = {2025}
}
