@inproceedings{wang2024diffusion,
 author = {Wang, Binxu and Shang, Jiaqi and Sompolinsky, Haim},
 booktitle = {2024 Conference on Cognitive Computational Neuroscience},
 title = {Do diffusion models generalize on abstract rules for reasoning?},
 year = {2024}
}
