@inproceedings{wang2022high,
 author = {Wang, Binxu and Ponce, Carlos R},
 booktitle = {GECCO '22: Proceedings of the Genetic and Evolutionary Computation Conference},
 number = {GECCO '22},
 organization = {Association for Computing Machinery},
 pages = {1308--1316},
 title = {High-performance Evolutionary Algorithms for Online Neuron Control},
 year = {2022}
}
