@article{wangdiffusion,
 author = {Wang, Binxu and Shang, Jiaqi and Sompolinsky, Haim},
 title = {How do diffusion models learn and generalize on abstract rules for reasoning?}
}
