@article{xiao2018mutual,
  title={Mutual information and information gating in synfire chains},
  author={Xiao*, Zhuocheng and Wang*, Binxu and Sornborger, Andrew T and Tao, Louis},
  journal={Entropy},
  volume={20},
  number={2},
  pages={102},
  year={2018},
  publisher={MDPI}
}

@article{shao2019mechanism,
  title={A mechanism for synaptic copy between neural circuits},
  author={Shao*, Yuxiu and Wang*, Binxu and Sornborger, Andrew T and Tao, Louis},
  journal={Neural computation},
  volume={31},
  number={10},
  pages={1964--1984},
  year={2019},
  publisher={Mit Press}
}

@inproceedings{wang2021geometry,
  title={The Geometry of Deep Generative Image Models and its Applications},
  author={Wang, Binxu and Ponce, Carlos R},
  booktitle={International Conference on Learning Representations, 2021},
  year={2021}
}

@article{connor2021constitutes,
  title={What constitutes understanding of ventral pathway function?},
  author={Connor, Charles and Kreiman, Gabriel and Ponce, Carlos R and Craver, Carl and Livingstone, Margaret and Schrimpf, Martin and Wang, Binxu},
  year={2021}
}

@article{rose2021visual,
  title={Visual prototypes in the ventral stream are attuned to complexity and gaze behavior},
  author={Rose*, Olivia and Johnson*, James and Wang, Binxu and Ponce, Carlos R.},
  journal={Nature Communications},
  volume={12},
  number={6723},
  year={2021}
}

@inproceedings{wang2022high,
  title={High-performance Evolutionary Algorithms for Online Neuron Control},
  author={Wang, Binxu and Ponce, Carlos R},
  booktitle={GECCO '22: Proceedings of the Genetic and Evolutionary Computation Conference},
  number={GECCO '22},
  pages={1308--1316},
  year={2022},
  organization={Association for Computing Machinery}
}

@inproceedings{wang2021use,
  title={On the use of Cortical Magnification and Saccades as Biological Proxies for Data Augmentation},
  author={Wang, Binxu and Mayo, David and Deza, Arturo and Barbu, Andrei and Conwell, Colin},
  booktitle={NeurIPS 2021 SVRHM Workshop},
  year={2021}
}

@article{wang2022tuning,
  title={Tuning landscapes of the ventral stream},
  author={Wang, Binxu and Ponce, Carlos R},
  journal={Cell reports},
  volume={41},
  number={6},
  year={2022},
  publisher={Elsevier}
}

@inproceedings{wang2022level,
  title={On the Level Sets and Invariance of Neural Tuning Landscapes},
  author={Wang, Binxu and Ponce, Carlos R},
  booktitle={NeurIPS 2022 Workshop on Symmetry and Geometry in Neural Representations},
  year={2022}
}

@inproceedings{wang2022factorized,
  title={Factorized convolution models for interpreting neuron-guided images synthesis},
  author={Wang, Binxu and Ponce, Carlos R.},
  booktitle={2022 Conference on Cognitive Computational Neuroscience},
  year={2022},
  organization={https://2022.ccneuro.org/view\_paper5bbd.html?PaperNum=1034}
}

@article{wang2023diffusion,
  title={Diffusion models generate images like painters: an analytical theory of outline first, details later},
  author={Wang, Binxu and Vastola, John J},
  journal={arXiv preprint arXiv:2303.02490},
  year={2023}
}

@phdthesis{wang2023charting,
  title={Charting the Landscape of Ventral Stream Neural Code on Generative Image Manifolds},
  author={Wang, Binxu},
  year={2023},
  school={Washington University in St. Louis}
}

@inproceedings{kuntala2023understanding,
  title={Understanding Learning Dynamics of Neural Representations via Feature Visualization at Scale},
  author={Kuntala, Chandana and Ponce, Carlos R and Sharma, Deepak Kumar and Wang, Binxu},
  booktitle={NeurIPS 2023 UniReps Workshop: the First Workshop on Unifying Representations in Neural Models},
  year={2023}
}

@article{wang2024neural,
  title={Neural Dynamics of Object Manifold Alignment in the Ventral Stream},
  author={Wang, Binxu and Ponce, Carlos R},
  journal={bioRxiv},
  pages={2024--06},
  year={2024},
  publisher={Cold Spring Harbor Laboratory}
}

@inproceedings{wang2024diffusion,
  title={Do diffusion models generalize on abstract rules for reasoning?},
  author={Wang, Binxu and Shang, Jiaqi and Sompolinsky, Haim},
  booktitle={2024 Conference on Cognitive Computational Neuroscience},
  year={2024}
}

@inproceedings{wang2024diverse,
  title={Diverse capability and scaling of diffusion and auto-regressive models when learning abstract rules},
  author={Wang, Binxu and Shang, Jiaqi and Sompolinsky, Haim},
  booktitle={The First Workshop on System-2 Reasoning at Scale, NeurIPS'24},
  year={2024}
}

@article{fel2025archetypal,
  title={Archetypal SAE: Adaptive and Stable Dictionary Learning for Concept Extraction in Large Vision Models},
  author={Fel, Thomas and Lubana, Ekdeep Singh and Prince, Jacob S and Kowal, Matthew and Boutin, Victor and Papadimitriou, Isabel and Wang, Binxu and Wattenberg, Martin and Ba, Demba and Konkle, Talia},
  journal={ICML 2025 (arXiv:2502.12892)},
  year={2025}
}

@article{wangdiffusion,
  title={How do diffusion models learn and generalize on abstract rules for reasoning?},
  author={Wang, Binxu and Shang, Jiaqi and Sompolinsky, Haim}
}

@article{wang2025analytical,
  title={An analytical theory of power law spectral bias in the learning dynamics of diffusion models},
  author={Wang, Binxu},
  journal={arXiv preprint arXiv:2503.03206},
  year={2025}
}

@article{wang2024unreasonable,
  title={The Unreasonable Effectiveness of Gaussian Score Approximation for Diffusion Models and its Applications},
  author={Wang, Binxu and Vastola, John J},
  journal={Transactions on Machine Learning Research (arXiv:2412.09726)},
  year={2024}
}

@inproceedings{wang2023hidden,
  title={The hidden linear structure in score-based models and its application},
  author={Wang, Binxu and Vastola, John J},
  booktitle={NeurIPS 2023 Workshop on Diffusion Models (arXiv:2311.10892)},
  year={2023}
}

@article{wang2025importance,
  title={On the importance of dynamic range and sample statistics in fitting neuronal encoding models},
  author={Wang, Binxu and Ponce, Carlos R},
  journal={Journal of Vision},
  volume={25},
  number={9},
  pages={1696--1696},
  year={2025},
  publisher={The Association for Research in Vision and Ophthalmology}
}

@article{wang2025factorized,
  title={Factorized convolution models for predicting and interpreting neuronal tuning in natural images},
  author={Wang, Binxu and Ponce, Carlos},
  journal={Journal of Vision},
  volume={25},
  number={9},
  pages={2899--2899},
  year={2025},
  publisher={The Association for Research in Vision and Ophthalmology}
}

@article{prince2025feature,
  title={Feature accentuation along the encoding axes of IT neurons uncovers hidden differences in model-brain alignment},
  author={Prince, Jacob S and Wang, Binxu and Jagadeesh, Akshay V and Fel, Thomas and Lo, Emily and Alvarez, George A and Livingstone, Margaret S and Konkle, Talia},
  journal={Journal of Vision},
  volume={25},
  number={9},
  pages={2215--2215},
  year={2025},
  publisher={The Association for Research in Vision and Ophthalmology}
}

@article{princeparametric,
  title={Parametric control along the encoding axes of IT neurons uncovers hidden differences in model-brain alignment},
  author={Prince, Jacob S and Wang, Binxu and Jagadeesh, Akshay V and Fel, Thomas and Lo, Emily and Alvarez, George A and Livingstone, Margaret S and Konkle, Talia}
}