@inproceedings{wang2021geometry,
 author = {Wang, Binxu and Ponce, Carlos R},
 booktitle = {International Conference on Learning Representations, 2021},
 title = {The Geometry of Deep Generative Image Models and its Applications},
 year = {2021}
}
