@article{wang2024neural,
 author = {Wang, Binxu and Ponce, Carlos R},
 journal = {bioRxiv},
 pages = {2024--06},
 publisher = {Cold Spring Harbor Laboratory},
 title = {Neural Dynamics of Object Manifold Alignment in the Ventral Stream},
 year = {2024}
}
