@inproceedings{wang2022level,
 author = {Wang, Binxu and Ponce, Carlos R},
 booktitle = {NeurIPS 2022 Workshop on Symmetry and Geometry in Neural Representations},
 title = {On the Level Sets and Invariance of Neural Tuning Landscapes},
 year = {2022}
}
