@inproceedings{wang2022factorized,
 author = {Wang, Binxu and Ponce, Carlos R.},
 booktitle = {2022 Conference on Cognitive Computational Neuroscience},
 organization = {https://2022.ccneuro.org/view_paper5bbd.html?PaperNum=1034},
 title = {Factorized convolution models for interpreting neuron-guided images synthesis},
 year = {2022}
}
