@phdthesis{wang2023charting,
 author = {Wang, Binxu},
 school = {Washington University in St. Louis},
 title = {Charting the Landscape of Ventral Stream Neural Code on Generative Image Manifolds},
 year = {2023}
}
