@article{prince2025feature,
 author = {Prince, Jacob S and Wang, Binxu and Jagadeesh, Akshay V and Fel, Thomas and Lo, Emily and Alvarez, George A and Livingstone, Margaret S and Konkle, Talia},
 journal = {Journal of Vision},
 number = {9},
 pages = {2215--2215},
 publisher = {The Association for Research in Vision and Ophthalmology},
 title = {Feature accentuation along the encoding axes of IT neurons uncovers hidden differences in model-brain alignment},
 volume = {25},
 year = {2025}
}
