@article{connor2021constitutes,
 author = {Connor, Charles and Kreiman, Gabriel and Ponce, Carlos R and Craver, Carl and Livingstone, Margaret and Schrimpf, Martin and Wang, Binxu},
 title = {What constitutes understanding of ventral pathway function?},
 year = {2021}
}
