@article{wang2024unreasonable,
 author = {Wang, Binxu and Vastola, John J},
 journal = {Transactions on Machine Learning Research (arXiv:2412.09726)},
 title = {The Unreasonable Effectiveness of Gaussian Score Approximation for Diffusion Models and its Applications},
 year = {2024}
}
