@article{shao2019mechanism,
 author = {Shao*, Yuxiu and Wang*, Binxu and Sornborger, Andrew T and Tao, Louis},
 journal = {Neural computation},
 number = {10},
 pages = {1964--1984},
 publisher = {Mit Press},
 title = {A mechanism for synaptic copy between neural circuits},
 volume = {31},
 year = {2019}
}
