@inproceedings{wang2024diverse,
 author = {Wang, Binxu and Shang, Jiaqi and Sompolinsky, Haim},
 booktitle = {The First Workshop on System-2 Reasoning at Scale, NeurIPS'24},
 title = {Diverse capability and scaling of diffusion and auto-regressive models when learning abstract rules},
 year = {2024}
}
