@article{rose2021visual,
 author = {Rose*, Olivia and Johnson*, James and Wang, Binxu and Ponce, Carlos R.},
 journal = {Nature Communications},
 number = {6723},
 title = {Visual prototypes in the ventral stream are attuned to complexity and gaze behavior},
 volume = {12},
 year = {2021}
}
