@article{fel2025archetypal,
 author = {Fel, Thomas and Lubana, Ekdeep Singh and Prince, Jacob S and Kowal, Matthew and Boutin, Victor and Papadimitriou, Isabel and Wang, Binxu and Wattenberg, Martin and Ba, Demba and Konkle, Talia},
 journal = {ICML 2025 (arXiv:2502.12892)},
 title = {Archetypal SAE: Adaptive and Stable Dictionary Learning for Concept Extraction in Large Vision Models},
 year = {2025}
}
