@inproceedings{wang2021use,
 author = {Wang, Binxu and Mayo, David and Deza, Arturo and Barbu, Andrei and Conwell, Colin},
 booktitle = {NeurIPS 2021 SVRHM Workshop},
 title = {On the use of Cortical Magnification and Saccades as Biological Proxies for Data Augmentation},
 year = {2021}
}
