@article{wang2025factorized,
 author = {Wang, Binxu and Ponce, Carlos},
 journal = {Journal of Vision},
 number = {9},
 pages = {2899--2899},
 publisher = {The Association for Research in Vision and Ophthalmology},
 title = {Factorized convolution models for predicting and interpreting neuronal tuning in natural images},
 volume = {25},
 year = {2025}
}
