@article{wang2025importance,
 author = {Wang, Binxu and Ponce, Carlos R},
 journal = {Journal of Vision},
 number = {9},
 pages = {1696--1696},
 publisher = {The Association for Research in Vision and Ophthalmology},
 title = {On the importance of dynamic range and sample statistics in fitting neuronal encoding models},
 volume = {25},
 year = {2025}
}
