@inproceedings{kuntala2023understanding,
 author = {Kuntala, Chandana and Ponce, Carlos R and Sharma, Deepak Kumar and Wang, Binxu},
 booktitle = {NeurIPS 2023 UniReps Workshop: the First Workshop on Unifying Representations in Neural Models},
 title = {Understanding Learning Dynamics of Neural Representations via Feature Visualization at Scale},
 year = {2023}
}
