@article{wang2022tuning,
 author = {Wang, Binxu and Ponce, Carlos R},
 journal = {Cell reports},
 number = {6},
 publisher = {Elsevier},
 title = {Tuning landscapes of the ventral stream},
 volume = {41},
 year = {2022}
}
