@article{prince2025parametric,
 author = {Prince, Jacob S and Wang, Binxu and Jagadeesh, Akshay V and Fel, Thomas and Lo, Emily and Alvarez, George A and Livingstone, Margaret S and Konkle, Talia},
 title = {Parametric control along the encoding axes of IT neurons uncovers hidden differences in model-brain alignment}
}
