@article{wang2023diffusion,
 author = {Wang, Binxu and Vastola, John J},
 journal = {arXiv preprint arXiv:2303.02490},
 title = {Diffusion models generate images like painters: an analytical theory of outline first, details later},
 year = {2023}
}
