@article{xiao2018mutual,
 author = {Xiao*, Zhuocheng and Wang*, Binxu and Sornborger, Andrew T and Tao, Louis},
 journal = {Entropy},
 number = {2},
 pages = {102},
 publisher = {MDPI},
 title = {Mutual information and information gating in synfire chains},
 volume = {20},
 year = {2018}
}
